<record><leader>00000cas a2200000I  4500</leader><controlfield tag="001">8366358</controlfield><controlfield tag="008">820423d18781881vaumr n       0   a0eng d</controlfield><controlfield tag="009">424</controlfield><datafield ind1=" " ind2=" " tag="010"><subfield code="a">sn 94060116 </subfield></datafield><datafield ind1=" " ind2=" " tag="040"><subfield code="a">VIC</subfield><subfield code="c">VIC</subfield><subfield code="d">NVK</subfield><subfield code="d">OCLCQ</subfield></datafield><datafield ind1=" " ind2=" " tag="043"><subfield code="a">n-us---</subfield><subfield code="a">n-us-va</subfield></datafield><datafield ind1=" " ind2=" " tag="090"><subfield code="a">HS1814.H52</subfield><subfield code="b">A3</subfield></datafield><datafield ind1="0" ind2="4" tag="245"><subfield code="a">The A.O.H. journal.</subfield></datafield><datafield ind1=" " ind2=" " tag="260"><subfield code="a">Richmond, Va. :</subfield><subfield code="b">A.O.H. of Richmond, Virginia,</subfield></datafield><datafield ind1=" " ind2=" " tag="300"><subfield code="a">v.</subfield></datafield><datafield ind1=" " ind2=" " tag="310"><subfield code="a">Monthly</subfield></datafield><datafield ind1="0" ind2=" " tag="362"><subfield code="a">Vol. 1, no. 1 (May 1878)-</subfield></datafield><datafield ind1="1" ind2=" " tag="362"><subfield code="a">Ceased in 1881.</subfield></datafield><datafield ind1=" " ind2=" " tag="500"><subfield code="a">Edited by J.V. Reddy.</subfield></datafield><datafield ind1=" " ind2=" " tag="550"><subfield code="a">Published by the Division of the Ancient Order of Hibernians in Richmond, Va., endorsed and approved by the National Convention, Boston, May 17, 1878.</subfield></datafield><datafield ind1=" " ind2="0" tag="650"><subfield code="a">Irish</subfield><subfield code="z">United States</subfield><subfield code="v">Newspapers.</subfield></datafield><datafield ind1=" " ind2="0" tag="650"><subfield code="a">Irish</subfield><subfield code="z">Virginia</subfield><subfield code="v">Newspapers.</subfield></datafield><datafield ind1=" " ind2="0" tag="651"><subfield code="a">Richmond (Va.)</subfield><subfield code="v">Newspapers.</subfield></datafield><datafield ind1="1" ind2=" " tag="700"><subfield code="a">Reddy, James V.,</subfield><subfield code="d">d. 1886.</subfield></datafield><datafield ind1="2" ind2=" " tag="710"><subfield code="a">Ancient Order of Hibernians.</subfield></datafield><datafield ind1=" " ind2=" " tag="752"><subfield code="a">United States</subfield><subfield code="b">Virginia</subfield><subfield code="d">Richmond.</subfield></datafield></record>